@inproceedings{dybjer:1996:types,
  title={Internal type theory},
  author={Dybjer, Peter},
  booktitle={Types for Proofs and Programs: International Workshop, TYPES'95 Torino, Italy, June 5--8, 1995 Selected Papers},
  pages={120--134},
  year={1996},
  organization={Springer},
}

inproceedings{dybjer:1995:types,
  author       = {Peter Dybjer},
  editor       = {Stefano Berardi and
                  Mario Coppo},
  title        = {Internal Type Theory},
  booktitle    = {Types for Proofs and Programs, International Workshop TYPES'95, Torino,
                  Italy, June 5-8, 1995, Selected Papers},
  series       = {Lecture Notes in Computer Science},
  volume       = {1158},
  pages        = {120--134},
  publisher    = {Springer},
  year         = {1995},
  url          = {https://doi.org/10.1007/3-540-61780-9\_66},
  doi          = {10.1007/3-540-61780-9\_66},
  timestamp    = {Tue, 14 May 2019 10:00:42 +0200},
  biburl       = {https://dblp.org/rec/conf/types/Dybjer95.bib},
  bibsource    = {dblp computer science bibliography, https://dblp.org},
}

article{castellan:2019:cwf,
  author       = {Simon Castellan and
                  Pierre Clairambault and
                  Peter Dybjer},
  title        = {Categories with Families: Unityped, Simply Typed, and Dependently
                  Typed},
  journal      = {CoRR},
  volume       = {abs/1904.00827},
  year         = {2019},
  url          = {http://arxiv.org/abs/1904.00827},
  eprinttype   = {arXiv},
  eprint       = {1904.00827},
  timestamp    = {Wed, 24 Apr 2019 12:21:25 +0200},
  biburl       = {https://dblp.org/rec/journals/corr/abs-1904-00827.bib},
  bibsource    = {dblp computer science bibliography, https://dblp.org},
}

@article{castellan:2021:cwf,
  title={Categories with families: Unityped, simply typed, and dependently typed},
  author={Castellan, Simon and Clairambault, Pierre and Dybjer, Peter},
  journal={Joachim Lambek: The Interplay of Mathematics, Logic, and Linguistics},
  series={Outstanding Contributions to Logic},
  volume={20},
  pages={135--180},
  year={2021},
  publisher={Springer},
}

article{DBLP:journals/apal/Cartmell86,
  author       = {John Cartmell},
  title        = {Generalised algebraic theories and contextual categories},
  journal      = {Ann. Pure Appl. Log.},
  volume       = {32},
  pages        = {209--243},
  year         = {1986},
  url          = {https://doi.org/10.1016/0168-0072(86)90053-9},
  doi          = {10.1016/0168-0072(86)90053-9},
  timestamp    = {Fri, 21 Feb 2020 21:18:13 +0100},
  biburl       = {https://dblp.org/rec/journals/apal/Cartmell86.bib},
  bibsource    = {dblp computer science bibliography, https://dblp.org}
}

@article{cartmell:1986:apal,
  title={Generalised algebraic theories and contextual categories},
  author={Cartmell, John},
  journal={Annals of pure and applied logic},
  volume={32},
  pages={209--243},
  year={1986},
  publisher={Elsevier},
}

@article{wraith:1974:jpaa,
  title={Artin glueing},
  author={Wraith, Gavin},
  journal={Journal of Pure and Applied Algebra},
  volume={4},
  number={3},
  pages={345--348},
  year={1974},
  publisher={Elsevier},
}

@mastersthesis{kovacs:2017:msc,
    author = {Kovács, András},
    title = {A Machine-Checked Correctness Proof of Normalization by Evaluation for Simply Typed Lambda Calculus},
    school = {Eötvös Loránd University},
    type = {MSc thesis},
    year = {2017},
}

@article{coquand:1997:mscs,
  title={Intuitionistic model constructions and normalization proofs},
  author={Coquand, Thierry and Dybjer, Peter},
  journal={Mathematical Structures in Computer Science},
  volume={7},
  number={1},
  pages={75--94},
  year={1997},
  publisher={Cambridge University Press},
  doi={10.1017/S0960129596002150},
}

article{DBLP:journals/mscs/CoquandD97,
  author       = {Thierry Coquand and
                  Peter Dybjer},
  title        = {Intuitionistic Model Constructions and Normalization Proofs},
  journal      = {Math. Struct. Comput. Sci.},
  volume       = {7},
  number       = {1},
  pages        = {75--94},
  year         = {1997},
  url          = {https://doi.org/10.1017/S0960129596002150},
  doi          = {10.1017/S0960129596002150},
  timestamp    = {Wed, 01 Apr 2020 08:48:47 +0200},
  biburl       = {https://dblp.org/rec/journals/mscs/CoquandD97.bib},
  bibsource    = {dblp computer science bibliography, https://dblp.org},
}

@inproceedings{DBLP:conf/lics/BergerS91,
  author       = {Ulrich Berger and
                  Helmut Schwichtenberg},
  title        = {An Inverse of the Evaluation Functional for Typed lambda-calculus},
  booktitle    = {Proceedings of the Sixth Annual Symposium on Logic in Computer Science
                  {(LICS} '91), Amsterdam, The Netherlands, July 15-18, 1991},
  pages        = {203--211},
  publisher    = {{IEEE} Computer Society},
  year         = {1991},
  url          = {https://doi.org/10.1109/LICS.1991.151645},
  doi          = {10.1109/LICS.1991.151645},
  timestamp    = {Fri, 24 Mar 2023 00:01:49 +0100},
  biburl       = {https://dblp.org/rec/conf/lics/BergerS91.bib},
  bibsource    = {dblp computer science bibliography, https://dblp.org},
}

article{berger:1991:lics,
  title={An inverse of the evaluation functional for typed lambda-calculus},
  author={Berger, Ulrich and Schwichtenberg, Helmut},
  year={1991},
  publisher={IEEE Computer Society Press, Los Alamitos},
}

@article{sterling:2018:arxiv,
  title={Normalization by gluing for free $\lambda$-theories},
  author={Sterling, Jonathan and Spitters, Bas},
  journal={arXiv preprint arXiv:1809.08646},
  year={2018},
}

article{DBLP:journals/corr/abs-1809-08646,
  author       = {Jonathan Sterling and
                  Bas Spitters},
  title        = {Normalization by gluing for free {\(\lambda\)}-theories},
  journal      = {CoRR},
  volume       = {abs/1809.08646},
  year         = {2018},
  url          = {http://arxiv.org/abs/1809.08646},
  eprinttype   = {arXiv},
  eprint       = {1809.08646},
  timestamp    = {Fri, 05 Oct 2018 11:34:52 +0200},
  biburl       = {https://dblp.org/rec/journals/corr/abs-1809-08646.bib},
  bibsource    = {dblp computer science bibliography, https://dblp.org},
}

@incollection{dybjer:2002:appsem,
  title={Normalization and partial evaluation},
  author={Dybjer, Peter and Filinski, Andrzej},
  booktitle={Applied Semantics: International Summer School, APPSEM 2000 Caminha, Portugal, September 9--15, 2000 Advanced Lectures},
  pages={137--192},
  year={2002},
  publisher={Springer},
}

inproceedings{DBLP:conf/ac/DybjerF00,
  author       = {Peter Dybjer and
                  Andrzej Filinski},
  editor       = {Gilles Barthe and
                  Peter Dybjer and
                  Lu{\'{\i}}s Pinto and
                  Jo{\~{a}}o Saraiva},
  title        = {Normalization and Partial Evaluation},
  booktitle    = {Applied Semantics, International Summer School, {APPSEM} 2000, Caminha,
                  Portugal, September 9-15, 2000, Advanced Lectures},
  series       = {Lecture Notes in Computer Science},
  volume       = {2395},
  pages        = {137--192},
  publisher    = {Springer},
  year         = {2000},
  url          = {https://doi.org/10.1007/3-540-45699-6\_4},
  doi          = {10.1007/3-540-45699-6\_4},
  timestamp    = {Fri, 17 Jul 2020 11:39:04 +0200},
  biburl       = {https://dblp.org/rec/conf/ac/DybjerF00.bib},
  bibsource    = {dblp computer science bibliography, https://dblp.org},
}

article{DBLP:journals/mscs/CubricDS98,
  author       = {Djordje Cubric and
                  Peter Dybjer and
                  Philip J. Scott},
  title        = {Normalization and the {Yoneda} Embedding},
  journal      = {Math. Struct. Comput. Sci.},
  volume       = {8},
  number       = {2},
  pages        = {153--192},
  year         = {1998},
  url          = {http://journals.cambridge.org/action/displayAbstract?aid=44745},
  timestamp    = {Wed, 01 Apr 2020 08:48:38 +0200},
  biburl       = {https://dblp.org/rec/journals/mscs/CubricDS98.bib},
  bibsource    = {dblp computer science bibliography, https://dblp.org},
}

@article{cubric:1998:mscs,
  title={Normalization and the {Yoneda} embedding},
  author={{\v{C}}ubri{\'c}, Djordje and Dybjer, Peter and Scott, Philip J.},
  journal={Mathematical Structures in Computer Science},
  volume={8},
  number={2},
  pages={153--192},
  year={1998},
  publisher={Cambridge University Press},
}

article{DBLP:journals/sLogica/BergerBLS06,
  author       = {Ulrich Berger and
                  Stefan Berghofer and
                  Pierre Letouzey and
                  Helmut Schwichtenberg},
  title        = {Program Extraction from Normalization Proofs},
  journal      = {Stud Logica},
  volume       = {82},
  number       = {1},
  pages        = {25--49},
  year         = {2006},
  url          = {https://doi.org/10.1007/s11225-006-6604-5},
  doi          = {10.1007/s11225-006-6604-5},
  timestamp    = {Tue, 01 Sep 2020 13:10:30 +0200},
  biburl       = {https://dblp.org/rec/journals/sLogica/BergerBLS06.bib},
  bibsource    = {dblp computer science bibliography, https://dblp.org},
}

@inproceedings{berger:1993:tlca,
  author       = {Ulrich Berger},
  editor       = {Marc Bezem and
                  Jan Friso Groote},
  title        = {Program Extraction from Normalization Proofs},
  booktitle    = {Typed Lambda Calculi and Applications, International Conference on
                  Typed Lambda Calculi and Applications, {TLCA} '93, Utrecht, The Netherlands,
                  March 16-18, 1993, Proceedings},
  series       = {Lecture Notes in Computer Science},
  volume       = {664},
  pages        = {91--106},
  publisher    = {Springer},
  year         = {1993},
  url          = {https://doi.org/10.1007/BFb0037100},
  doi          = {10.1007/BFb0037100},
  timestamp    = {Tue, 14 May 2019 10:00:41 +0200},
  biburl       = {https://dblp.org/rec/conf/tlca/Berger93.bib},
  bibsource    = {dblp computer science bibliography, https://dblp.org},
}

@article{berger:2006:sl,
  title={Program extraction from normalization proofs},
  author={Berger, Ulrich and Berghofer, Stefan and Letouzey, Pierre and Schwichtenberg, Helmut},
  journal={Studia logica},
  volume={82},
  pages={25--49},
  year={2006},
  publisher={Springer},
}

@inproceedings{altenkirch:1995:ctcs,
  title={Categorical reconstruction of a reduction free normalization proof},
  author={Altenkirch, Thorsten and Hofmann, Martin and Streicher, Thomas},
  booktitle={Category Theory and Computer Science},
  volume={953},
  pages={182--199},
  year={1995},
}

inproceedings{DBLP:conf/ctcs/AltenkirchHS95,
  author       = {Thorsten Altenkirch and
                  Martin Hofmann and
                  Thomas Streicher},
  editor       = {David H. Pitt and
                  David E. Rydeheard and
                  Peter T. Johnstone},
  title        = {Categorical Reconstruction of a Reduction Free Normalization Proof},
  booktitle    = {Category Theory and Computer Science, 6th International Conference,
                  {CTCS} '95, Cambridge, UK, August 7-11, 1995, Proceedings},
  series       = {Lecture Notes in Computer Science},
  volume       = {953},
  pages        = {182--199},
  publisher    = {Springer},
  year         = {1995},
  url          = {https://doi.org/10.1007/3-540-60164-3\_27},
  doi          = {10.1007/3-540-60164-3\_27},
  timestamp    = {Tue, 14 May 2019 10:00:48 +0200},
  biburl       = {https://dblp.org/rec/conf/ctcs/AltenkirchHS95.bib},
  bibsource    = {dblp computer science bibliography, https://dblp.org},
}

inproceedings{DBLP:conf/ppdp/Fiore02,
  author       = {Marcelo P. Fiore},
  title        = {Semantic analysis of normalisation by evaluation for typed lambda
                  calculus},
  booktitle    = {Proceedings of the 4th international {ACM} {SIGPLAN} conference on
                  Principles and practice of declarative programming, October 6-8, 2002,
                  Pittsburgh, PA, {USA} (Affiliated with {PLI} 2002)},
  pages        = {26--37},
  publisher    = {{ACM}},
  year         = {2002},
  url          = {https://doi.org/10.1145/571157.571161},
  doi          = {10.1145/571157.571161},
  timestamp    = {Tue, 06 Nov 2018 16:57:25 +0100},
  biburl       = {https://dblp.org/rec/conf/ppdp/Fiore02.bib},
  bibsource    = {dblp computer science bibliography, https://dblp.org},
}

@inproceedings{fiore:2002:ppdp,
  title={Semantic analysis of normalisation by evaluation for typed lambda calculus},
  author={Fiore, Marcelo},
  booktitle={Proceedings of the 4th ACM SIGPLAN international conference on Principles and practice of declarative programming},
  pages={26--37},
  year={2002},
}

article{DBLP:journals/mscs/Fiore22,
  author       = {Marcelo Fiore},
  title        = {Semantic analysis of normalisation by evaluation for typed lambda
                  calculus},
  journal      = {Math. Struct. Comput. Sci.},
  volume       = {32},
  number       = {8},
  pages        = {1028--1065},
  year         = {2022},
  url          = {https://doi.org/10.1017/S0960129522000263},
  doi          = {10.1017/S0960129522000263},
  timestamp    = {Tue, 21 Mar 2023 21:14:23 +0100},
  biburl       = {https://dblp.org/rec/journals/mscs/Fiore22.bib},
  bibsource    = {dblp computer science bibliography, https://dblp.org},
}

@article{fiore:2022:mscs,
  title={Semantic analysis of normalisation by evaluation for typed lambda calculus},
  author={Fiore, Marcelo},
  journal={Mathematical Structures in Computer Science},
  pages={1--38},
  year={2022},
  publisher={Cambridge University Press},
}

@inproceedings{streicher:1998:appsem,
  title={Categorical intuitions underlying semantic normalisation proofs},
  author={Streicher, Thomas},
  booktitle={Preliminary Proceedings of the APPSEM Workshop on Normalisation by Evaluation, O. Danvy and P. Dybjer (Eds.). Department of Computer Science, Aarhus University},
  year={1998},
}

@article{tait:1967:jsl,
  title={Intensional interpretations of functionals of finite type {I}},
  author={Tait, William W.},
  journal={The journal of symbolic logic},
  volume={32},
  number={2},
  pages={198--212},
  year={1967},
  publisher={Cambridge University Press}
}

article{DBLP:journals/jsyml/Tait67,
  author       = {William W. Tait},
  title        = {Intensional Interpretations of Functionals of Finite Type {I}},
  journal      = {J. Symb. Log.},
  volume       = {32},
  number       = {2},
  pages        = {198--212},
  year         = {1967},
  url          = {https://doi.org/10.2307/2271658},
  doi          = {10.2307/2271658},
  timestamp    = {Wed, 14 Nov 2018 10:49:18 +0100},
  biburl       = {https://dblp.org/rec/journals/jsyml/Tait67.bib},
  bibsource    = {dblp computer science bibliography, https://dblp.org}
}

@inproceedings{jung:1993:tlca,
  author       = {Achim Jung and
                  Jerzy Tiuryn},
  editor       = {Marc Bezem and
                  Jan Friso Groote},
  title        = {A New Characterization of Lambda Definability},
  booktitle    = {Typed Lambda Calculi and Applications, International Conference on
                  Typed Lambda Calculi and Applications, {TLCA} '93, Utrecht, The Netherlands,
                  March 16-18, 1993, Proceedings},
  series       = {Lecture Notes in Computer Science},
  volume       = {664},
  pages        = {245--257},
  publisher    = {Springer},
  year         = {1993},
  url          = {https://doi.org/10.1007/BFb0037110},
  doi          = {10.1007/BFb0037110},
  timestamp    = {Tue, 14 May 2019 10:00:41 +0200},
  biburl       = {https://dblp.org/rec/conf/tlca/JungT93.bib},
  bibsource    = {dblp computer science bibliography, https://dblp.org}
}

article{statman1985logical,
  title={Logical relations and the typed $\lambda$-calculus},
  author={Statman, Richard},
  journal={Information and control},
  volume={65},
  number={2-3},
  pages={85--97},
  year={1985},
  publisher={Academic Press}
}

@article{statman:1985:ic,
  author       = {Richard Statman},
  title        = {Logical Relations and the Typed $\lambda$-Calculus},
  journal      = {Information and control},
  volume       = {65},
  number       = {2/3},
  pages        = {85--97},
  year         = {1985},
  url          = {https://doi.org/10.1016/S0019-9958(85)80001-2},
  doi          = {10.1016/S0019-9958(85)80001-2},
  timestamp    = {Mon, 18 May 2020 17:45:27 +0200},
  biburl       = {https://dblp.org/rec/journals/iandc/Statman85.bib},
  bibsource    = {dblp computer science bibliography, https://dblp.org}
}

@inproceedings{berghofer:2007:lfmtp,
  author       = {Stefan Berghofer and
                  Christian Urban},
  editor       = {Alberto Momigliano and
                  Brigitte Pientka},
  title        = {A Head-to-Head Comparison of {de Bruijn} Indices and Names},
  booktitle    = {Proceedings of the First International Workshop on Logical Frameworks
                  and Meta-Languages: Theory and Practice, LFMTP@FLoC 2006, Seattle,
                  WA, USA, August 16, 2006},
  series       = {Electronic Notes in Theoretical Computer Science},
  volume       = {174},
  pages        = {53--67},
  publisher    = {Elsevier},
  year         = {2006},
  url          = {https://doi.org/10.1016/j.entcs.2007.01.018},
  doi          = {10.1016/j.entcs.2007.01.018},
}

incollection{martin-lof:1975:equality,
  title={About models for intuitionistic type theories and the notion of definitional equality},
  author={Martin-Löf, Per},
  booktitle={Studies in Logic and the Foundations of Mathematics},
  volume={82},
  pages={81--109},
  year={1975},
  publisher={Elsevier}
}

@article{DBLP:journals/apal/MitchellM91,
  author       = {John C. Mitchell and
                  Eugenio Moggi},
  title        = {Kripke-Style Models for Typed lambda Calculus},
  journal      = {Ann. Pure Appl. Log.},
  volume       = {51},
  number       = {1-2},
  pages        = {99--124},
  year         = {1991},
  url          = {https://doi.org/10.1016/0168-0072(91)90067-V},
  doi          = {10.1016/0168-0072(91)90067-V},
  timestamp    = {Fri, 21 Feb 2020 21:18:34 +0100},
  biburl       = {https://dblp.org/rec/journals/apal/MitchellM91.bib},
  bibsource    = {dblp computer science bibliography, https://dblp.org}
}

@inproceedings{friedman1975equality,
  title={Equality between functionals},
  author={Friedman, Harvey},
  booktitle={Logic Colloquium: Symposium on Logic Held at Boston, 1972--73},
  pages={22--37},
  year={1975},
  organization={Springer}
}

@article{pitts2001categorical,
  title={Categorical logic},
  author={Pitts, Andrew M},
  journal={Handbook of logic in computer science},
  volume={5},
  pages={39--128},
  year={2001}
}

@book{DBLP:books/daglib/0023251,
  author       = {Bart P. F. Jacobs},
  title        = {Categorical Logic and Type Theory},
  series       = {Studies in logic and the foundations of mathematics},
  volume       = {141},
  publisher    = {North-Holland},
  year         = {2001},
  url          = {http://www.elsevierdirect.com/product.jsp?isbn=9780444508539},
  isbn         = {978-0-444-50853-9},
  timestamp    = {Thu, 20 May 2021 16:18:14 +0200},
  biburl       = {https://dblp.org/rec/books/daglib/0023251.bib},
  bibsource    = {dblp computer science bibliography, https://dblp.org}
}

@book{lambek1988introduction,
  title={Introduction to higher-order categorical logic},
  author={Lambek, Joachim and Scott, Philip J},
  volume={7},
  year={1988},
  publisher={Cambridge University Press}
}

@article{DBLP:journals/jsyml/Church40,
  author       = {Alonzo Church},
  title        = {A Formulation of the Simple Theory of Types},
  journal      = {J. Symb. Log.},
  volume       = {5},
  number       = {2},
  pages        = {56--68},
  year         = {1940},
  url          = {https://doi.org/10.2307/2266170},
  doi          = {10.2307/2266170},
  timestamp    = {Wed, 14 Nov 2018 10:49:18 +0100},
  biburl       = {https://dblp.org/rec/journals/jsyml/Church40.bib},
  bibsource    = {dblp computer science bibliography, https://dblp.org}
}

@article{DBLP:journals/tcs/Coquand19,
  author       = {Thierry Coquand},
  title        = {Canonicity and normalization for dependent type theory},
  journal      = {Theor. Comput. Sci.},
  volume       = {777},
  pages        = {184--191},
  year         = {2019},
  url          = {https://doi.org/10.1016/j.tcs.2019.01.015},
  doi          = {10.1016/J.TCS.2019.01.015},
  timestamp    = {Wed, 03 Jul 2019 14:50:25 +0200},
  biburl       = {https://dblp.org/rec/journals/tcs/Coquand19.bib},
  bibsource    = {dblp computer science bibliography, https://dblp.org}
}

@inproceedings{DBLP:conf/rta/AltenkirchK16,
  author       = {Thorsten Altenkirch and
                  Ambrus Kaposi},
  editor       = {Delia Kesner and
                  Brigitte Pientka},
  title        = {Normalisation by Evaluation for Dependent Types},
  booktitle    = {1st International Conference on Formal Structures for Computation
                  and Deduction, {FSCD} 2016, June 22-26, 2016, Porto, Portugal},
  series       = {LIPIcs},
  volume       = {52},
  pages        = {6:1--6:16},
  publisher    = {Schloss Dagstuhl - Leibniz-Zentrum f{\"{u}}r Informatik},
  year         = {2016},
  url          = {https://doi.org/10.4230/LIPIcs.FSCD.2016.6},
  doi          = {10.4230/LIPICS.FSCD.2016.6},
  timestamp    = {Tue, 11 Feb 2020 15:52:14 +0100},
  biburl       = {https://dblp.org/rec/conf/rta/AltenkirchK16.bib},
  bibsource    = {dblp computer science bibliography, https://dblp.org}
}

@article{howard1980formulae,
  title={The formulae-as-types notion of construction},
  author={Howard, William A},
  journal={To HB Curry: essays on combinatory logic, lambda calculus and formalism},
  volume={44},
  pages={479--490},
  year={1980}
}

@article{DBLP:journals/jsyml/Henkin50,
  author       = {Leon Henkin},
  title        = {Completeness in the Theory of Types},
  journal      = {J. Symb. Log.},
  volume       = {15},
  number       = {2},
  pages        = {81--91},
  year         = {1950},
  url          = {https://doi.org/10.2307/2266967},
  doi          = {10.2307/2266967},
  timestamp    = {Wed, 14 Nov 2018 10:49:17 +0100},
  biburl       = {https://dblp.org/rec/journals/jsyml/Henkin50.bib},
  bibsource    = {dblp computer science bibliography, https://dblp.org}
}

inproceedings{DBLP:conf/pldi/PfenningE88,
  author       = {Frank Pfenning and
                  Conal Elliott},
  editor       = {Richard L. Wexelblat},
  title        = {Higher-Order Abstract Syntax},
  booktitle    = {Proceedings of the {ACM} SIGPLAN'88 Conference on Programming Language
                  Design and Implementation (PLDI), Atlanta, Georgia, USA, June 22-24,
                  1988},
  pages        = {199--208},
  publisher    = {{ACM}},
  year         = {1988},
  url          = {https://doi.org/10.1145/53990.54010},
  doi          = {10.1145/53990.54010},
  timestamp    = {Fri, 09 Jul 2021 14:03:46 +0200},
  biburl       = {https://dblp.org/rec/conf/pldi/PfenningE88.bib},
  bibsource    = {dblp computer science bibliography, https://dblp.org}
}

inproceedings{seely1984locally,
  title={Locally cartesian closed categories and type theory},
  author={Seely, Robert AG},
  booktitle={Mathematical proceedings of the Cambridge philosophical society},
  volume={95},
  number={1},
  pages={33--48},
  year={1984},
  organization={Cambridge University Press}
}

inproceedings{DBLP:conf/csl/Hofmann94,
  author       = {Martin Hofmann},
  editor       = {Leszek Pacholski and
                  Jerzy Tiuryn},
  title        = {On the Interpretation of Type Theory in Locally Cartesian Closed Categories},
  booktitle    = {Computer Science Logic, 8th International Workshop, {CSL} '94, Kazimierz,
                  Poland, September 25-30, 1994, Selected Papers},
  series       = {Lecture Notes in Computer Science},
  volume       = {933},
  pages        = {427--441},
  publisher    = {Springer},
  year         = {1994},
  url          = {https://doi.org/10.1007/BFb0022273},
  doi          = {10.1007/BFB0022273},
  timestamp    = {Tue, 14 May 2019 10:00:42 +0200},
  biburl       = {https://dblp.org/rec/conf/csl/Hofmann94.bib},
  bibsource    = {dblp computer science bibliography, https://dblp.org}
}

@inproceedings{DBLP:conf/lics/AltenkirchDHS01,
  author       = {Thorsten Altenkirch and
                  Peter Dybjer and
                  Martin Hofmann and
                  Philip J. Scott},
  title        = {Normalization by Evaluation for Typed Lambda Calculus with Coproducts},
  booktitle    = {16th Annual {IEEE} Symposium on Logic in Computer Science, Boston,
                  Massachusetts, USA, June 16-19, 2001, Proceedings},
  pages        = {303--310},
  publisher    = {{IEEE} Computer Society},
  year         = {2001},
  url          = {https://doi.org/10.1109/LICS.2001.932506},
  doi          = {10.1109/LICS.2001.932506},
  timestamp    = {Fri, 24 Mar 2023 00:01:49 +0100},
  biburl       = {https://dblp.org/rec/conf/lics/AltenkirchDHS01.bib},
  bibsource    = {dblp computer science bibliography, https://dblp.org}
}

@inproceedings{DBLP:conf/tlca/FioreS99,
  author       = {Marcelo P. Fiore and
                  Alex K. Simpson},
  editor       = {Jean{-}Yves Girard},
  title        = {Lambda Definability with Sums via Grothendieck Logical Relations},
  booktitle    = {Typed Lambda Calculi and Applications, 4th International Conference,
                  TLCA'99, L'Aquila, Italy, April 7-9, 1999, Proceedings},
  series       = {Lecture Notes in Computer Science},
  volume       = {1581},
  pages        = {147--161},
  publisher    = {Springer},
  year         = {1999},
  url          = {https://doi.org/10.1007/3-540-48959-2\_12},
  doi          = {10.1007/3-540-48959-2\_12},
  timestamp    = {Tue, 14 May 2019 10:00:41 +0200},
  biburl       = {https://dblp.org/rec/conf/tlca/FioreS99.bib},
  bibsource    = {dblp computer science bibliography, https://dblp.org}
}

@inproceedings{DBLP:conf/rta/KaposiHS19,
  author       = {Ambrus Kaposi and
                  Simon Huber and
                  Christian Sattler},
  editor       = {Herman Geuvers},
  title        = {Gluing for Type Theory},
  booktitle    = {4th International Conference on Formal Structures for Computation
                  and Deduction, {FSCD} 2019, June 24-30, 2019, Dortmund, Germany},
  series       = {LIPIcs},
  volume       = {131},
  pages        = {25:1--25:19},
  publisher    = {Schloss Dagstuhl - Leibniz-Zentrum f{\"{u}}r Informatik},
  year         = {2019},
  url          = {https://doi.org/10.4230/LIPIcs.FSCD.2019.25},
  doi          = {10.4230/LIPICS.FSCD.2019.25},
  timestamp    = {Tue, 11 Feb 2020 15:52:14 +0100},
  biburl       = {https://dblp.org/rec/conf/rta/KaposiHS19.bib},
  bibsource    = {dblp computer science bibliography, https://dblp.org}
}

@misc{altenkirch:2009,
  author = {Altenkirch, Thorsten},
  title = {Normalization by completeness},
  note = {Talk given at the Workshop on Normalization by Evaluation in Los Angeles, 2009},
}

inproceedings{DBLP:conf/csl/MitchellS92,
  author       = {John C. Mitchell and
                  Andre Scedrov},
  editor       = {Egon B{\"{o}}rger and
                  Gerhard J{\"{a}}ger and
                  Hans Kleine B{\"{u}}ning and
                  Simone Martini and
                  Michael M. Richter},
  title        = {Notes on Sconing and Relators},
  booktitle    = {Computer Science Logic, 6th Workshop, {CSL} '92, San Miniato, Italy,
                  September 28 - October 2, 1992, Selected Papers},
  series       = {Lecture Notes in Computer Science},
  volume       = {702},
  pages        = {352--378},
  publisher    = {Springer},
  year         = {1992},
  url          = {https://doi.org/10.1007/3-540-56992-8\_21},
  doi          = {10.1007/3-540-56992-8\_21},
  timestamp    = {Fri, 17 Jul 2020 16:12:45 +0200},
  biburl       = {https://dblp.org/rec/conf/csl/MitchellS92.bib},
  bibsource    = {dblp computer science bibliography, https://dblp.org}
}

@misc{plotkin:1980,
  author = {Plotkin, Gordon},
  title = {Lambda-definability in the full type hierarchy},
  year = {1980},
  note = {Dedicated to H.B. Curry on the occasion of his 80th birthday},
}

article{hofmann1997syntax,
  title={Syntax and semantics of dependent types},
  author={Hofmann, Martin and Hofmann, Martin},
  journal={Extensional Constructs in Intensional Type Theory},
  pages={13--54},
  year={1997},
  publisher={Springer}
}

phdthesis{DBLP:phd/us/Sterling22,
  author       = {Jonathan Sterling},
  title        = {First Steps in Synthetic Tait Computability: The Objective Metatheory
                  of Cubical Type Theory},
  school       = {Carnegie Mellon University, {USA}},
  year         = {2022},
  url          = {https://doi.org/10.1184/r1/19632681.v1},
  doi          = {10.1184/R1/19632681.V1},
  timestamp    = {Wed, 13 Jul 2022 11:43:19 +0200},
  biburl       = {https://dblp.org/rec/phd/us/Sterling22.bib},
  bibsource    = {dblp computer science bibliography, https://dblp.org}
}

@article{reynolds1998normalization,
  title={Normalization and functor categories},
  author={Reynolds, John C},
  journal={Danvy and Dybjer [27]. Available online at http://www. brics. dk/\~{} nbe98/programme. html},
  year={1998}
}

@book{barendregt:1984,
  author       = {Hendrik Pieter Barendregt},
  title        = {The lambda calculus - its syntax and semantics},
  series       = {Studies in logic and the foundations of mathematics},
  volume       = {103},
  publisher    = {North-Holland},
  year         = {1985},
  isbn         = {978-0-444-86748-3},
  timestamp    = {Fri, 28 Jun 2019 12:45:52 +0200},
  biburl       = {https://dblp.org/rec/books/daglib/0067558.bib},
  bibsource    = {dblp computer science bibliography, https://dblp.org}
}

@book{hindley-seldin:1986,
  author       = {J. Roger Hindley and
                  Jonathan P. Seldin},
  title        = {Introduction to Combinators and Lambda-Calculus},
  publisher    = {Cambridge University Press},
  year         = {1986},
  timestamp    = {Thu, 03 Jan 2002 11:51:13 +0100},
  biburl       = {https://dblp.org/rec/books/cu/HindleyS86.bib},
  bibsource    = {dblp computer science bibliography, https://dblp.org}
}

@incollection{DBLP:books/el/leeuwen90/Mitchell90,
  author       = {John C. Mitchell},
  editor       = {Jan van Leeuwen},
  title        = {Type Systems for Programming Languages},
  booktitle    = {Handbook of Theoretical Computer Science, Volume {B:} Formal Models
                  and Semantics},
  pages        = {365--458},
  publisher    = {Elsevier and {MIT} Press},
  year         = {1990},
  url          = {https://doi.org/10.1016/b978-0-444-88074-1.50013-5},
  doi          = {10.1016/B978-0-444-88074-1.50013-5},
  timestamp    = {Tue, 06 Aug 2019 09:45:21 +0200},
  biburl       = {https://dblp.org/rec/books/el/leeuwen90/Mitchell90.bib},
  bibsource    = {dblp computer science bibliography, https://dblp.org}
}

@article{godel1958,
  title={{\"U}ber eine bisher noch nicht ben{\"u}tzte {Erweiterung} des finiten {Standpunktes}},
  author={G{\"o}del, Kurt},
  journal={Dialectica},
  volume={12},
  number={3-4},
  pages={280--287},
  year={1958},
  publisher={Wiley Online Library}
}

@book{maclane:moerdijk,
  title={Sheaves in geometry and logic: A first introduction to topos theory},
  author={MacLane, Saunders and Moerdijk, Ieke},
  year={2012},
  publisher={Springer Science \& Business Media}
}

@article{leinster:basic-ct,
  title={Basic category theory},
  author={Leinster, Tom},
  journal={arXiv preprint arXiv:1612.09375},
  year={2016}
}

book{leinster2014basic,
  title={Basic category theory},
  author={Leinster, Tom},
  volume={143},
  year={2014},
  publisher={Cambridge University Press}
}

article{balat2004extensional,
  title={Extensional normalisation and type-directed partial evaluation for typed lambda calculus with sums},
  author={Balat, Vincent and Di Cosmo, Roberto and Fiore, Marcelo},
  journal={ACM SIGPLAN Notices},
  volume={39},
  number={1},
  pages={64--76},
  year={2004},
  publisher={ACM New York, NY, USA}
}

@inproceedings{DBLP:conf/popl/BalatCF04,
  author       = {Vincent Balat and
                  Roberto Di Cosmo and
                  Marcelo P. Fiore},
  editor       = {Neil D. Jones and
                  Xavier Leroy},
  title        = {Extensional normalisation and type-directed partial evaluation for
                  typed lambda calculus with sums},
  booktitle    = {Proceedings of the 31st {ACM} {SIGPLAN-SIGACT} Symposium on Principles
                  of Programming Languages, {POPL} 2004, Venice, Italy, January 14-16,
                  2004},
  pages        = {64--76},
  publisher    = {{ACM}},
  year         = {2004},
  url          = {https://doi.org/10.1145/964001.964007},
  doi          = {10.1145/964001.964007},
  timestamp    = {Fri, 25 Jun 2021 14:48:54 +0200},
  biburl       = {https://dblp.org/rec/conf/popl/BalatCF04.bib},
  bibsource    = {dblp computer science bibliography, https://dblp.org}
}

article{clairambault2014biequivalence,
  title={The biequivalence of locally cartesian closed categories and Martin-L{\"o}f type theories},
  author={Clairambault, Pierre and Dybjer, Peter},
  journal={Mathematical Structures in Computer Science},
  volume={24},
  number={6},
  pages={e240606},
  year={2014},
  publisher={Cambridge University Press}
}

@article{DBLP:journals/mscs/ClairambaultD14,
  author       = {Pierre Clairambault and
                  Peter Dybjer},
  title        = {The biequivalence of locally cartesian closed categories and Martin-L{\"{o}}f
                  type theories},
  journal      = {Math. Struct. Comput. Sci.},
  volume       = {24},
  number       = {6},
  year         = {2014},
  url          = {https://doi.org/10.1017/S0960129513000881},
  doi          = {10.1017/S0960129513000881},
  timestamp    = {Wed, 01 Apr 2020 08:48:45 +0200},
  biburl       = {https://dblp.org/rec/journals/mscs/ClairambaultD14.bib},
  bibsource    = {dblp computer science bibliography, https://dblp.org}
}

@book{mac2013categories,
  title={Categories for the working mathematician},
  author={Mac Lane, Saunders},
  volume={5},
  year={2013},
  publisher={Springer Science \& Business Media}
}

@inproceedings{altenkirch1996reduction,
  title={Reduction-free normalisation for a polymorphic system},
  author={Altenkirch, Thorsten and Hofmann, Martin and Streicher, Thomas},
  booktitle={Proceedings 11th Annual IEEE Symposium on Logic in Computer Science},
  pages={98--106},
  year={1996},
  organization={IEEE}
}

@article{altenkirch1996systemf,
  title={Reduction-free normalisation for system F},
  author={Altenkirch, Thorsten and Hofmann, Martin and Streicher, Thomas},
  journal={Unpublished, available on the web at \url{http://www.cs.nott.ac.uk/~psztxa/publ/f97.pdf}},
  year={1996}
}
